<record><leader>00000cas a22000007a 4500</leader><controlfield tag="001">11333405</controlfield><controlfield tag="008">841031d18931896gaudr ne      0   a0eng d</controlfield><datafield ind1=" " ind2=" " tag="010"><subfield code="a">sn 84024800 </subfield></datafield><datafield ind1=" " ind2=" " tag="040"><subfield code="a">NPV</subfield><subfield code="b">eng</subfield><subfield code="c">NPV</subfield><subfield code="d">NSD</subfield><subfield code="d">NYS</subfield><subfield code="d">NLG</subfield><subfield code="d">GUA</subfield><subfield code="d">OCLCQ</subfield><subfield code="d">OCLCF</subfield><subfield code="d">OCLCO</subfield><subfield code="d">CUS</subfield><subfield code="d">OCLCA</subfield></datafield><datafield ind1=" " ind2=" " tag="042"><subfield code="a">msc</subfield></datafield><datafield ind1=" " ind2=" " tag="043"><subfield code="a">n-us-ga</subfield></datafield><datafield ind1="0" ind2=" " tag="130"><subfield code="a">Columbus daily enquirer-sun (Columbus, Ga. : 1893)</subfield></datafield><datafield ind1="1" ind2="0" tag="245"><subfield code="a">Columbus daily enquirer-sun.</subfield></datafield><datafield ind1="1" ind2=" " tag="246"><subfield code="i">Published on Sunday with title:</subfield><subfield code="a">Columbus enquirer-sun</subfield></datafield><datafield ind1="1" ind2="7" tag="246"><subfield code="a">Daily enquirer-sun</subfield></datafield><datafield ind1=" " ind2=" " tag="260"><subfield code="a">Columbus, Ga. :</subfield><subfield code="b">[s.n.,</subfield><subfield code="c">1893-1896]</subfield></datafield><datafield ind1=" " ind2=" " tag="300"><subfield code="a">v.</subfield></datafield><datafield ind1=" " ind2=" " tag="310"><subfield code="a">Daily</subfield></datafield><datafield ind1="0" ind2=" " tag="362"><subfield code="a">Vol. 34, no. 218 (Sept. 12, 1893)-v. 37, no. 218 (Sept. 19, 1896).</subfield></datafield><datafield ind1=" " ind2=" " tag="530"><subfield code="a">Also on microfilm: Athens, Ga. : University of Georgia Libraries.</subfield></datafield><datafield ind1=" " ind2="0" tag="651"><subfield code="a">Columbus (Ga.)</subfield><subfield code="v">Newspapers.</subfield></datafield><datafield ind1=" " ind2="0" tag="651"><subfield code="a">Muscogee County (Ga.)</subfield><subfield code="v">Newspapers.</subfield></datafield><datafield ind1=" " ind2="7" tag="651"><subfield code="a">Georgia</subfield><subfield code="z">Columbus.</subfield><subfield code="2">fast</subfield><subfield code="0">(OCoLC)fst01214575</subfield></datafield><datafield ind1=" " ind2="7" tag="651"><subfield code="a">Georgia</subfield><subfield code="z">Muscogee County.</subfield><subfield code="2">fast</subfield><subfield code="0">(OCoLC)fst01216552</subfield></datafield><datafield ind1=" " ind2="7" tag="655"><subfield code="a">Newspapers.</subfield><subfield code="2">fast</subfield><subfield code="0">(OCoLC)fst01423814</subfield></datafield><datafield ind1=" " ind2=" " tag="752"><subfield code="a">United States</subfield><subfield code="b">Georgia</subfield><subfield code="c">Muscogee</subfield><subfield code="d">Columbus.</subfield></datafield><datafield ind1="0" ind2=" " tag="775"><subfield code="t">Weekly Columbus enquirer-sun</subfield><subfield code="w">(DLC)sn 84024807</subfield><subfield code="w">(OCoLC)11331319</subfield></datafield><datafield ind1="0" ind2="0" tag="780"><subfield code="t">Columbus enquirer-sun (Columbus, Ga. : 1886)</subfield><subfield code="w">(DLC)sn 84024799</subfield><subfield code="w">(OCoLC)11294836</subfield></datafield><datafield ind1="0" ind2="0" tag="785"><subfield code="t">Columbus enquirer-sun (Columbus, Ga. : 1896)</subfield><subfield code="w">(DLC)sn 89071257</subfield><subfield code="w">(OCoLC)19569083</subfield></datafield><datafield ind1="4" ind2="1" tag="856"><subfield code="3">09/12/1893 to 09/19/1896</subfield><subfield code="u">http://infoweb.newsbank.com/?db=EANX&amp;s_browseRef=decades/1126A744DB722B38/all.xml</subfield></datafield><datafield ind1="1" ind2=" " tag="029"><subfield code="a">AU@</subfield><subfield code="b">000026353798</subfield></datafield></record>